<?xml version="1.0" encoding="UTF-8"?><record xmlns="http://www.loc.gov/MARC21/slim" xmlns:cinclude="http://apache.org/cocoon/include/1.0" xmlns:zs="http://www.loc.gov/zing/srw/">
  <leader>00740nz  a2200181n  4500</leader>
  <controlfield tag="001">no2007038917</controlfield>
  <controlfield tag="003">DLC</controlfield>
  <controlfield tag="005">20070411075153.0</controlfield>
  <controlfield tag="008">070409n| acannaabn          |a ana      </controlfield>
  <datafield tag="010" ind1=" " ind2=" ">
    <subfield code="a">no2007038917</subfield>
  </datafield>
  <datafield tag="035" ind1=" " ind2=" ">
    <subfield code="a">(OCoLC)oca07377910</subfield>
  </datafield>
  <datafield tag="040" ind1=" " ind2=" ">
    <subfield code="a">DLC-S</subfield>
    <subfield code="b">eng</subfield>
    <subfield code="c">DLC-S</subfield>
  </datafield>
  <datafield tag="110" ind1="2" ind2=" ">
    <subfield code="a">ACA International</subfield>
  </datafield>
  <datafield tag="410" ind1="2" ind2=" ">
    <subfield code="a">ACA</subfield>
  </datafield>
  <datafield tag="410" ind1="2" ind2=" ">
    <subfield code="a">Association of Credit and Collection Professionals</subfield>
  </datafield>
  <datafield tag="510" ind1="2" ind2=" ">
    <subfield code="w">a</subfield>
    <subfield code="a">American Collectors Association</subfield>
  </datafield>
  <datafield tag="670" ind1=" " ind2=" ">
    <subfield code="a">Collector, Feb. 2007:</subfield>
    <subfield code="b">cover (ACA International) p. 2 (ACA International; the Association of Credit and Collection Professionals)</subfield>
  </datafield>
  <datafield tag="670" ind1=" " ind2=" ">
    <subfield code="a">Its Internet website, viewed Apr. 9, 2007:</subfield>
    <subfield code="b">homepage/about (ACA International; ACA; formerly the American Collectors Association; headquarters in Minneapolis)</subfield>
  </datafield>
</record>